% A -- D

@techreport{andersen2001,
  title={Parametric and Nonparametric Volatility Measurement},
  author={Andersen, Torben G. and Bollerslev, Tim and Diebold, Francis X.},
  institution = {NBER Technical Working Paper},
  number = {279},
  month = {August},
  year={2002}
}

  