
@techreport{Amengual2014,
  title={Resoution of policy uncertainty and sudden declines in volatility},
  author={Amengual, D., and Xiu, D.},
  institution = {Working Paper, CEMFI and Chicago Booth},
  year={2014}
}

@techreport{Andersen2007,
  title={Construction and interpretation of model-free implied volatility},
  author={Andersen, Torben G and Bondarenko, Oleg},
  year={2007},
  institution={National Bureau of Economic Research}
}

@article{Andersen2015,
  title={Exploring return dynamics via corridor implied volatility},
  author={Andersen, Torben G and Bondarenko, Oleg and Gonzalez-Perez, Maria T},
  journal={The Review of Financial Studies},
  volume={28},
  number={10},
  pages={2902--2945},
  year={2015},
  publisher={Oxford University Press}
}

@techreport{Barndorff2010,
  title={Volatility and time series econometrics: Essays in honor of robert f. engle, chap. Measuring downside risk: realised semivariance},
  author={Barndorff-Nielsen, O. E. and Kinnebrock, S. and Shephard, N.},
  institution = {Oxford University Press},
  number = {117–36},
  year={2010}
}

@techreport{Bakshi2003,
  title={Stock return characteristics, skew laws and the differential pricing of individual equity options},
  author={Bakshi, G. and Kapadia, N. and Madan, D.},
  institution = {Review of Financial Studies},
  number = {16:101–43},
  year={2003}
}


@techreport{Bollersev2009,
  title={Expected stock returns and variance risk premia},
  author={Bollerslev, T. and Tauchen, G. and Zhou, H.},
  institution = {Review of Financial Studies},
  number = {22:4463–92},
  year={2009}
}

@techreport{Campbell88,
  title={The dividend-price ratio and expectations of future dividends and discount factors},
  author={Campbell, J. Y., and Shiller, R. J. },
  institution = {Review of Financial Studies},
  number = {1:195–228},
  year={1988}
}

@techreport{Carr98,
  title={Volatility, chap. Towards a Theory of Volatility Tradings},
  author={Carr, P. and Madan. D.},
  institution = {Risk Publications},
  number = {417–27},
  year={1998}
}


@techreport{Chang2013,
  title={Market skewness risk and the cross-section of stock returns},
  author={Chang, B. and Christoffersen, P. and Jacobs, K.  },
  institution = {Journal of Financial Economics},
  number = {107:46–68},
  year={2013}
}


@techreport{Cochrane1991,
  title={Production-based asset pricing and the link between stock returns and economic fluctuations},
  author={Cochrane, J. H.},
  institution = {Journal of Finance},
  number = { 46:209–37},
  year={1991}
}

@techreport{Dionne1991,
  title={An extension of the consumption-based CAPM model},
  author={Dionne, G. and Li, J. and Okou, C.},
  institution = {Working Paper, HEC Montreal, Lingnan University, and UQAM},
  year={2014}
}


@techreport{Epstein89,
  title={Substitution, risk aversion, and the temporal behavior of consumption and asset returns: A theoretical framework},
  author={Epstein, L. G., and Zin, S. E.},
  institution = {Econometrica},
  number = {57:937–69},
  year={1989}
}


@techreport{Fama88,
  title={Dividend yields and expected stock returns},
  author={Fama, E. F., and French,K. R. },
  institution = {Journal of Financial Economics},
  number = {22:3–25},
  year={1988}
}

@article{Fengler2009,
  title={Arbitrage-free smoothing of the implied volatility surface},
  author={Fengler, Matthias R},
  journal={Quantitative Finance},
  volume={9},
  number={4},
  pages={417--428},
  year={2009},
  publisher={Taylor \& Francis}
}


@techreport{Fenou2014,
  title={Risk premium, variance premium, and the maturity structure of uncertainty},
  author={Feunou, B. and Fontaine, J.-S and Taamouti, A. and  Tedongap, R.},
  institution = {Review of Finance},
  number={18:219–69},
  year={2014}
}


@techreport{Fenou2015,
  title={Downside Variance Risk Premium},
  author={Feunou,B. and J.P.R., Mohammad  and Okou,C.},
  institution = {Finance and Economics Discussion Series 2015-020. Washington: Board of Governors of the Federal Reserve System},
  year={2015}
}

@techreport{Ghysels2011,
  title={Conditional Skewness of Stock Market Returns in Developed and Emerging Markets and its Economic Fundamentals},
  author={Ghysels, E. and Plazzi, A. and Valkanov, R.},
  institution = {Working Paper, Kenan- Flagler Business School-UNC, and Rady School of Business-UCSD},
  year={2011}
}

@techreport{Groeneveld1984,
  title={Measuring skewness and kurtosis},
  author={Groeneveld, R. and Meeden, G.},
  institution = {The Statistician},
  number={33:391–9},
  year={1984}
}


@techreport{Harvey1999,
  title={Autoregressive Conditional Skewness},
  author={Harvey, C. R. and Siddique, A.},
  institution = {Journal of Financial and Quantitative Analysis},
  number={34:465–88},
  year={1999}
}

@article{Jiang2005,
  title={The model-free implied volatility and its information content},
  author={Jiang, George J and Tian, Yisong S},
  journal={The Review of Financial Studies},
  volume={18},
  number={4},
  pages={1305--1342},
  year={2005},
  publisher={Oxford University Press}
}



@techreport{Kim2004,
  title={On More Robust Estimation of Skewness and Kurtosis},
  author={Kim, T.H. and White, H.},
  institution = {Finance Research Letters},
  number = {1:56–73},
  year={2004}
}

 
@techreport{Kozhan2014,
  title={The skew risk premium in the equity index market},
  author={Kozhan, R., and Neuberger, A. and Schneider, P. },
  institution = {Review of Financial Studies},
  number = {26:2174–203},
  year={2014}
}


@techreport{Lettau2001,
  title={Consumption, aggregate wealth, and expected stock returns},
  author={Lettau, M., and Ludvigson, S.},
  institution = {Journal of Finance},
  number = {56:815–50},
  year={2001}
}

@techreport{Ludvigson2009,
  title={Macro factors in bond risk premia},
  author={Ludvigson, S.C., and Ng, S.},
  institution = {Review of Financial Studies},
  number = {22:5027–67},
  year={2009}
}



